
@article {TukiainenEtAl08,
author = {Tukiainen, S. and Hassinen, S. and Sepp\"al\"a, A. and Auvinen, H. and Kyr\"ol\"a, E. and Tamminen, 
J. and Haley, C. S. and Lloyd, N. and Verronen, P. T.},
title = {Description and validation of a limb scatter retrieval method for {Odin}/{{OSIRIS}}},
journal = {Journal of Geophysical Research},
volume = {113},
number = {D4},
year = {2008},
}

